<record><leader>00000cas a22000007a 4500</leader><controlfield tag="001">30326030</controlfield><controlfield tag="008">940425d1905190uokuwr ne      0    0eng d</controlfield><controlfield tag="009">15907</controlfield><datafield ind1=" " ind2=" " tag="010"><subfield code="a">sn 94058797 </subfield></datafield><datafield ind1=" " ind2=" " tag="040"><subfield code="a">OBN</subfield><subfield code="b">eng</subfield><subfield code="c">OBN</subfield><subfield code="d">OCL</subfield><subfield code="d">OCLCQ</subfield></datafield><datafield ind1="1" ind2=" " tag="029"><subfield code="a">AU@</subfield><subfield code="b">000010972780</subfield></datafield><datafield ind1=" " ind2=" " tag="042"><subfield code="a">msc</subfield></datafield><datafield ind1="0" ind2="4" tag="245"><subfield code="a">The Idabel signal.</subfield></datafield><datafield ind1=" " ind2=" " tag="260"><subfield code="a">Idabel, Indian Territory [Okla.] :</subfield><subfield code="b">Stewart &amp; Townsend</subfield></datafield><datafield ind1=" " ind2=" " tag="300"><subfield code="a">v.</subfield></datafield><datafield ind1=" " ind2=" " tag="310"><subfield code="a">Weekly</subfield></datafield><datafield ind1="0" ind2=" " tag="362"><subfield code="a">Vol. 1, no. 20 (Oct. 3, 1905)-</subfield></datafield><datafield ind1=" " ind2="4" tag="651"><subfield code="a">Idabel (Okla.)</subfield><subfield code="v">Newspapers.</subfield></datafield><datafield ind1=" " ind2="4" tag="651"><subfield code="a">McCurtain County (Okla.)</subfield><subfield code="v">Newspapers.</subfield></datafield><datafield ind1=" " ind2="4" tag="651"><subfield code="a">Indian Territory (Okla.)</subfield><subfield code="v">Newspapers.</subfield></datafield><datafield ind1=" " ind2=" " tag="752"><subfield code="a">United States</subfield><subfield code="b">Oklahoma</subfield><subfield code="c">McCurtain</subfield><subfield code="d">Idabel.</subfield></datafield><datafield ind1="0" ind2="0" tag="780"><subfield code="t">Signal (Idabel, Okla. : 1905)</subfield><subfield code="w">(DLC)sn 94058796</subfield><subfield code="w">(OCoLC)30325964</subfield></datafield><datafield ind1="0" ind2="0" tag="785"><subfield code="t">McCurtain gazette (Idabel, Okla.)</subfield><subfield code="w">(DLC)sn 85042312</subfield><subfield code="w">(OCoLC)12110732</subfield></datafield></record>